% This file was created with Citavi 6.0.0.2

@book{Kroidl.2015,
	author = {Kroidl, R. F. and Schwarz, S. and Lehnigk, B. and Fritsch, J.},
	year = {2015},
	title = {Kursbuch Spiroergometrie - Technik und Befundung verst{\"a}ndlich gemacht},
	address = {Stuttgart},
	publisher = {{Georg Thieme Verlag}},
	pages = {60 ff., 83--89, 133 ff., 140--146, 331 ff., 501 ff.}
}

@article{Trappe.2000,
	author = {Trappe, H.-J. and Löllgen, H.},
	title = {Leitlinien zur Ergometrie},
	year = {2000},
	journal = {Zeitschrift für Kardiologie},
	volume = {89},
	pages = {821--837}
}

@article{Kindermann.2004,
 author = {Kindermann, W.},
 year = {2004},
 title = {Anaerobe Schwelle},
 pages = {161--162},
 volume = {55},
 number = {6},
 journal = {Deutsche Zeitschrift f{\"u}r Sportmedizin}
}


@misc{Westhoff.2012,
 year = {2012},
 title = {Positionspapier der AG-Spiroergometrie zu ventilatorischen und Laktatschwellen},
 author = {Westhoff, M. and Lehnigk, B. and R{\"u}hle, K.-H. and Greiwing, A. and Schomaker, R. and Eschenbacher, H. and Siepmann, M.},
 url = {https://www.mesics.de/fileadmin/user/literature/Spiroergometrie/AG-Spiroergometrie_Positionspapier-Schwellen.pdf},
 note= {zuletzt abgerufen am 25.04.2018}
}


@article{Loe.2014,
author = {Loe, H. and Steinshamn, S. and Wisl\o{}ff, U.},
title = {Cardio-Respiratory Reference Data in 4631 Healthy Men and Women 20-90 Years: The HUNT 3 Fitness Study},
year = {2014},
journal = {PLoS One},
volume = {9},
number = {11}
}

@misc{DSSV.2018,
	author = {e.V. DSSV},
	title = {2018 - Eckdaten der deutschen Fitness-Wirtschaft},
	year = {2018}
}

@misc{Ruehle.2012,
	year = {2012},
	title = {Plausibilitätsprüfungen in der Spiroergometrie},
	author = {Rühle, K. H. and Westhoff, M. and Meyer, F. J. and Kroidl, R. and Trötschler, H.},
	url = {http://www.ag-spiroergometrie.de/uploads/media/Plausibilit%C3%A4tCPXKorrekturen.pdf},
	note = {zuletzt abgerufen am 25.05.2018}
}
